<?xml version="1.0" encoding="UTF-8"?><collection xmlns="http://www.loc.gov/MARC21/slim"><record><leader>00523nam--2200205-i-4500</leader><controlfield tag="001">000039810</controlfield><controlfield tag="002">20161230</controlfield><controlfield tag="005">20161230201042</controlfield><controlfield tag="008">060222s1000------------r-----000-0-ger-d</controlfield><datafield ind1=" " ind2=" " tag="040"><subfield code="a">IFIN-HH</subfield></datafield><datafield ind1=" " ind2=" " tag="041"><subfield code="a">ger</subfield></datafield><datafield ind1=" " ind2=" " tag="080"><subfield code="a">536.7</subfield></datafield><datafield ind1="1" ind2=" " tag="100"><subfield code="a">Walther, K</subfield></datafield><datafield ind1="1" ind2="0" tag="245"><subfield code="a">Technische warmelehre (thermodynamik)</subfield><subfield code="c">K. wlather, m. rottinger</subfield></datafield><datafield ind1=" " ind2=" " tag="260"><subfield code="a">Berlin</subfield><subfield code="b">Walter De Gruyter &amp; Co</subfield><subfield code="c">1919</subfield></datafield><datafield ind1=" " ind2=" " tag="300"><subfield code="a">144P</subfield></datafield><datafield ind1=" " ind2=" " tag="490"><subfield code="a">Sammlung Goschen</subfield></datafield><datafield ind1="1" ind2=" " tag="700"><subfield code="a">Rottinger, M</subfield></datafield><datafield ind1=" " ind2=" " tag="852"><subfield code="a">44626</subfield><subfield code="c">H.H</subfield></datafield><datafield ind1=" " ind2=" " tag="CAT"><subfield code="a">Sys</subfield><subfield code="c">20130416</subfield><subfield code="h">134822</subfield></datafield></record></collection>